<?xml version = "1.0" encoding = "UTF-8"?><OAI-PMH xmlns="http://www.openarchives.org/OAI/2.0/" xmlns:xsi="http://www.w3.org/2001/XMLSchema-instance" xsi:schemaLocation="http://www.openarchives.org/OAI/2.0/ http://www.openarchives.org/OAI/2.0/OAI-PMH.xsd"><ListRecords><record><header><identifier>aleph-publish:004781567</identifier></header><metadata><record xmlns="http://www.ddb.de/professionell/mabxml/mabxml-1.xsd"><leader>00447vM2.01200024------h</leader><controlfield tag="LDR">00447vM2.01200024------h</controlfield><controlfield tag="FMT">MH</controlfield><datafield tag="001" ind1="-" ind2="1"><subfield code="a">HT001330454</subfield></datafield><datafield tag="002" ind1="a" ind2="1"><subfield code="a">19981027</subfield></datafield><datafield tag="003" ind1="-" ind2="1"><subfield code="a">20050330</subfield></datafield><controlfield tag="030">a|1uc||||||17</controlfield><datafield tag="036" ind1="a" ind2="1"><subfield code="a">DE</subfield></datafield><datafield tag="037" ind1="b" ind2="1"><subfield code="a">ger</subfield></datafield><controlfield tag="050">a|||||||||||||</controlfield><controlfield tag="051">n|||||||</controlfield><datafield tag="070" ind1="-" ind2="1"><subfield code="a">HBZ/Red</subfield></datafield><datafield tag="070" ind1="b" ind2="1"><subfield code="a">468</subfield></datafield><datafield tag="080" ind1="-" ind2="1"><subfield code="a">60</subfield></datafield><datafield tag="100" ind1="-" ind2="1"><subfield code="p">Koch, Klaus</subfield><subfield code="9">(DE-588)105014508</subfield></datafield><datafield tag="101" ind1="-" ind2="1"><subfield code="p">Koch, Klaus Christian</subfield></datafield><datafield tag="331" ind1="-" ind2="1"><subfield code="a">&lt;&lt;Die&gt;&gt; Profeten</subfield></datafield><datafield tag="359" ind1="-" ind2="1"><subfield code="a">Klaus Koch</subfield></datafield><datafield tag="410" ind1="-" ind2="1"><subfield code="a">Stuttgart [u. a.]</subfield></datafield><datafield tag="412" ind1="-" ind2="1"><subfield code="a">Kohlhammer</subfield></datafield><datafield tag="425" ind1="b" ind2="1"><subfield code="a">1978</subfield></datafield><datafield tag="451" ind1="-" ind2="1"><subfield code="a">Urban-Taschenbücher ; ...</subfield></datafield><datafield tag="523" ind1="-" ind2="1"><subfield code="p">Erschienen</subfield><subfield code="a">Bd. 1 - 2</subfield></datafield><datafield tag="540" ind1="a" ind2="1"><subfield code="a">3-17-004869-4</subfield></datafield><datafield tag="540" ind1="a" ind2="1"><subfield code="a">3-17-010426-8</subfield></datafield><datafield tag="670" ind1="-" ind2="1"><subfield code="a">&lt;&lt;Die&gt;&gt; Propheten</subfield></datafield><datafield tag="902" ind1="-" ind2="1"><subfield code="t">Bibel</subfield><subfield code="u">Altes Testament</subfield><subfield code="u">Prophetische Bücher</subfield><subfield code="9">(DE-588)4068610-3</subfield></datafield><controlfield tag="SYS">004781567</controlfield><datafield tag="LOW" ind1="-" ind2="1"><subfield code="a">B0001</subfield></datafield><datafield tag="LOW" ind1="-" ind2="1"><subfield code="a">B4026</subfield></datafield><datafield tag="LOW" ind1="-" ind2="1"><subfield code="a">C0001</subfield></datafield><datafield tag="LOW" ind1="-" ind2="1"><subfield code="a">K0001</subfield></datafield><datafield tag="LOW" ind1="-" ind2="1"><subfield code="a">M0001</subfield></datafield><datafield tag="LOW" ind1="-" ind2="1"><subfield code="a">M1006</subfield></datafield><datafield tag="LOW" ind1="-" ind2="1"><subfield code="a">M1008</subfield></datafield><datafield tag="LOW" ind1="-" ind2="1"><subfield code="a">M1044</subfield></datafield><datafield tag="LOW" ind1="-" ind2="1"><subfield code="a">Q0001</subfield></datafield><datafield tag="LOW" ind1="-" ind2="1"><subfield code="a">Q1026</subfield></datafield><datafield tag="LOW" ind1="-" ind2="1"><subfield code="a">R0003</subfield></datafield><datafield tag="LOW" ind1="-" ind2="1"><subfield code="a">U0001</subfield></datafield><datafield tag="LOW" ind1="-" ind2="1"><subfield code="a">Q1004</subfield></datafield><datafield tag="LOW" ind1="-" ind2="1"><subfield code="a">L0001</subfield></datafield><datafield tag="LOW" ind1="-" ind2="1"><subfield code="a">B4009</subfield></datafield><datafield tag="LOW" ind1="-" ind2="1"><subfield code="a">K1161</subfield></datafield><datafield tag="HID" ind1="-" ind2="1"><subfield code="s">DTL2ALEPH</subfield><subfield code="c">20121202</subfield><subfield code="l">HBZ01</subfield><subfield code="h">1328</subfield></datafield><datafield tag="952" ind1="-" ind2="1"><subfield code="t">Altes Testament</subfield><subfield code="u">Prophetische Bücher</subfield></datafield><datafield tag="952" ind1="-" ind2="1"><subfield code="t">Altes Testament</subfield><subfield code="u">Schriftpropheten</subfield></datafield><datafield tag="952" ind1="-" ind2="1"><subfield code="t">Altes Testament</subfield><subfield code="x">Spätere Propheten</subfield></datafield><datafield tag="952" ind1="-" ind2="1"><subfield code="t">Altes Testament</subfield><subfield code="x">Hintere Propheten</subfield></datafield><datafield tag="952" ind1="-" ind2="1"><subfield code="t">Altes Testament</subfield><subfield code="x">Prophetae posteriores</subfield></datafield><datafield tag="952" ind1="-" ind2="1"><subfield code="t">Altes Testament</subfield><subfield code="x">Něvîʾîm aḥarônîm</subfield></datafield><datafield tag="952" ind1="-" ind2="1"><subfield code="t">Prophetae</subfield><subfield code="h">Bücher der Bibel</subfield></datafield><datafield tag="952" ind1="-" ind2="1"><subfield code="t">Propheten</subfield><subfield code="h">Bücher der Bibel</subfield></datafield><datafield tag="952" ind1="-" ind2="1"><subfield code="t">Altes Testament</subfield><subfield code="u">Vordere Propheten</subfield></datafield><datafield tag="952" ind1="-" ind2="1"><subfield code="t">Altes Testament</subfield><subfield code="u">Frühere Propheten</subfield></datafield><datafield tag="952" ind1="-" ind2="1"><subfield code="t">Altes Testament</subfield><subfield code="x">Prophetae priores</subfield></datafield><datafield tag="952" ind1="-" ind2="1"><subfield code="t">Altes Testament</subfield><subfield code="x">Něvîʾîm rîšônîm</subfield></datafield><datafield tag="952" ind1="-" ind2="1"><subfield code="t">Vordere Propheten</subfield><subfield code="h">Bücher der Bibel</subfield></datafield><datafield tag="952" ind1="-" ind2="1"><subfield code="t">DtrG</subfield></datafield><datafield tag="088" ind1=" " ind2=" "><subfield code="a">294</subfield><subfield code="b">00000014</subfield><subfield code="c">OGA7848</subfield><subfield code="e">ILL Ausleihe</subfield></datafield><datafield tag="088" ind1=" " ind2=" "><subfield code="a">61</subfield><subfield code="b">03</subfield><subfield code="c">relc500.k76</subfield><subfield code="e">Keine Angabe</subfield></datafield><datafield tag="088" ind1=" " ind2=" "><subfield code="a">Lan 1</subfield><subfield code="c">teo-e 3-143/</subfield><subfield code="e">Dienstgebrauch</subfield></datafield><datafield tag="088" ind1=" " ind2=" "><subfield code="a">385</subfield><subfield code="b">80</subfield><subfield code="c">CX/y2655</subfield><subfield code="e">Keine Angabe</subfield></datafield><datafield tag="088" ind1=" " ind2=" "><subfield code="a">466</subfield><subfield code="b">11</subfield><subfield code="c">INE1622-...</subfield><subfield code="e">Normalausleihe</subfield></datafield><datafield tag="088" ind1=" " ind2=" "><subfield code="a">38/622</subfield></datafield><datafield tag="088" ind1=" " ind2=" "><subfield code="a">51</subfield></datafield><datafield tag="088" ind1=" " ind2=" "><subfield code="a">Tr 2</subfield></datafield><datafield tag="088" ind1=" " ind2=" "><subfield code="a">361</subfield></datafield><datafield tag="088" ind1=" " ind2=" "><subfield code="a">464</subfield><subfield code="c">INE1397_d &lt;&lt;Grundsignatur&gt;&gt;</subfield></datafield><datafield tag="088" ind1=" " ind2=" "><subfield code="a">465</subfield><subfield code="c">INE70 &lt;&lt;Grundsignatur&gt;&gt;</subfield></datafield><datafield tag="088" ind1=" " ind2=" "><subfield code="a">467</subfield></datafield><datafield tag="088" ind1=" " ind2=" "><subfield code="a">468</subfield></datafield><datafield tag="088" ind1=" " ind2=" "><subfield code="a">5</subfield></datafield><datafield tag="088" ind1=" " ind2=" "><subfield code="a">6</subfield></datafield><datafield tag="088" ind1=" " ind2=" "><subfield code="a">6/006</subfield></datafield><datafield tag="088" ind1=" " ind2=" "><subfield code="a">6/011</subfield></datafield><datafield tag="088" ind1=" " ind2=" "><subfield code="a">290</subfield></datafield><datafield tag="088" ind1=" " ind2=" "><subfield code="a">6/069</subfield></datafield><datafield tag="088" ind1=" " ind2=" "><subfield code="a">Kob 7</subfield></datafield><datafield tag="088" ind1=" " ind2=" "><subfield code="a">107</subfield></datafield><datafield tag="088" ind1=" " ind2=" "><subfield code="a">38</subfield></datafield><datafield tag="088" ind1=" " ind2=" "><subfield code="a">294/38</subfield></datafield><datafield tag="088" ind1=" " ind2=" "><subfield code="a">121</subfield></datafield><datafield tag="088" ind1=" " ind2=" "><subfield code="a">5/108</subfield></datafield><datafield tag="088" ind1=" " ind2=" "><subfield code="a">5/141</subfield></datafield><datafield tag="088" ind1=" " ind2=" "><subfield code="a">294/21</subfield></datafield><datafield tag="655" ind1="e" ind2=" "><subfield code="u">http://digitool.hbz-nrw.de:1801/webclient/DeliveryManager?pid=4737016&amp;custom_att_2=simple_viewer</subfield><subfield code="y">Die Profeten</subfield><subfield code="x">Inhaltsverzeichnis</subfield></datafield></record></metadata></record></ListRecords></OAI-PMH>